@article{Klinkovsky2022,
  author = {Jakub Klinkovský and Tomáš Oberhuber and Radek Fučík and Vítězslav Žabka},
  journal = {ACM Transactions on Mathematical Software},
  title = {Configurable Open-source Data Structure for Distributed Conforming Unstructured Homogeneous Meshes with GPU Support},
  year = {2022},
  pages = {1-30},
  volume = {48},
  number = {3},
  issn = {0098-3500},
  urldate = {2023-06-06},
  doi = {10.1145/3536164},
  url = {https://dl.acm.org/doi/10.1145/3536164},
}

@article{Oberhuber2021,
  author = {Tomáš Oberhuber and Jakub Klinkovský and Radek Fučík},
  journal = {Acta Polytechnica},
  title = {TNL},
  subtitle = {NUMERICAL LIBRARY FOR MODERN PARALLEL ARCHITECTURES},
  year = {2021},
  pages = {122-134},
  volume = {61},
  number = {SI},
  issn = {1805-2363},
  urldate = {2023-06-06},
  doi = {10.14311/AP.2021.61.0122},
  url = {https://ojs.cvut.cz/ojs/index.php/ap/article/view/6075},
}

@inproceedings{Tomov2010,
  author = {Stanimire Tomov and Rajib Nath and Hatem Ltaief and Jack Dongarra},
  booktitle = {2010 IEEE International Symposium on Parallel \& Distributed Processing, Workshops and Phd Forum (IPDPSW)},
  title = {Dense linear algebra solvers for multicore with GPU accelerators},
  publisher = {IEEE},
  year = {2010},
  pages = {1-8},
  isbn = {978-1-4244-6533-0},
  urldate = {2023-06-06},
  doi = {10.1109/IPDPSW.2010.5470941},
  url = {http://ieeexplore.ieee.org/document/5470941/},
}

@article{Sistek2011,
  author = {Jakub Šístek and Bedřich Sousedík and Pavel Burda and Jan Mandel and Jaroslav Novotný},
  journal = {Computers \& Fluids},
  title = {Application of the parallel BDDC preconditioner to the Stokes flow},
  year = {2011},
  pages = {429-435},
  volume = {46},
  number = {1},
  issn = {00457930},
  urldate = {2023-06-06},
  doi = {10.1016/j.compfluid.2011.01.002},
  url = {https://linkinghub.elsevier.com/retrieve/pii/S0045793011000053},
}

@article{Sistek2012,
  author = {Jakub Šístek and Marta Čertíková and Pavel Burda and Jaroslav Novotný},
  journal = {Mathematics and Computers in Simulation},
  title = {Face-based selection of corners in 3D substructuring},
  year = {2012},
  pages = {1799-1811},
  volume = {82},
  number = {10},
  issn = {03784754},
  urldate = {2023-06-06},
  doi = {10.1016/j.matcom.2011.06.007},
  url = {https://linkinghub.elsevier.com/retrieve/pii/S0378475411001820},
}

@article{Sousedik2013,
  author = {Bedřich Sousedík and Jakub Šístek and Jan Mandel},
  journal = {Computing},
  title = {Adaptive-Multilevel BDDC and its parallel implementation},
  year = {2013},
  pages = {1087-1119},
  volume = {95},
  number = {12},
  issn = {0010-485X},
  urldate = {2023-06-06},
  doi = {10.1007/s00607-013-0293-5},
  url = {http://link.springer.com/10.1007/s00607-013-0293-5},
}

@article{Sistek2015,
  author = {Jakub Šístek and Jan Březina and Bedřich Sousedík},
  journal = {Numerical Linear Algebra with Applications},
  title = {BDDC for mixed-hybrid formulation of flow in porous media with combined mesh dimensions},
  year = {2015},
  pages = {903-929},
  volume = {22},
  number = {6},
  issn = {10705325},
  urldate = {2023-06-06},
  doi = {10.1002/nla.1991},
  url = {https://onlinelibrary.wiley.com/doi/10.1002/nla.1991},
}

@online{Cox2023,
  author = {Henry Cox and Peter Oberparleiter},
  journal = {GitHub},
  title = {LTP GCOV extension (LCOV)},
  year = {2023},
  urldate = {2023-05-30},
  url = {https://github.com/linux-test-project/lcov},
}

@online{Nicely2023,
  author = {Matthew Nicely and Mahesh Khadatare and Almog Segal and Jakub Szuppe},
  journal = {GitHub},
  title = {CUDA Library Samples},
  year = {2023},
  urldate = {2023-05-28},
  url = {https://github.com/NVIDIA/CUDALibrarySamples},
}

@inproceedings{Anzt2019,
  author = {Hartwig Anzt and Tobias Ribizel and Goran Flegar and Edmond Chow and Jack Dongarra},
  booktitle = {2019 IEEE International Parallel and Distributed Processing Symposium (IPDPS)},
  title = {ParILUT - A Parallel Threshold ILU for GPUs},
  publisher = {IEEE},
  year = {2019},
  pages = {231-241},
  isbn = {978-1-7281-1246-6},
  urldate = {2022-05-03},
  doi = {10.1109/IPDPS.2019.00033},
  url = {https://ieeexplore.ieee.org/document/8820992},
}

@online{Oh10September2012,
  author = {Fred Oh},
  journal = {Nvidia Official Blog},
  title = {What Is CUDA?},
  urldate = {2022-05-20},
  url = {https://blogs.nvidia.com/blog/2012/09/10/what-is-cuda-2},
}

@online{rfiOEXAGDlcAOxF3,
  author = {Nvidia },
  journal = {Nvidia},
  title = {NVIDIA A100 TENSOR CORE GPU},
  subtitle = {Unprecedented acceleration at every scale},
  urldate = {2022-05-22},
  url = {https://www.nvidia.com/en-us/data-center/a100},
}

@online{Durant10May2017,
  author = {Luke Durant and Olivier Giroux and Mark Harris and Nick Stam},
  journal = {Nvidia Developer: Technical Blog},
  title = {Inside Volta: The World’s Most Advanced Data Center GPU},
  urldate = {2022-05-30},
  url = {https://developer.nvidia.com/blog/inside-volta},
}

@online{Sanglard2May2020,
  author = {Fabien Sanglard},
  journal = {FABIEN SANGLARD'S WEBSITE},
  title = {A HISTORY OF NVIDIA STREAM MULTIPROCESSOR},
  urldate = {2023-04-30},
  url = {https://fabiensanglard.net/cuda},
}

@online{Grover15January2018,
  author = {Vinod Grover and Yuan Lin},
  journal = {Nvidia Developer: Technical Blog},
  title = {Using CUDA Warp-Level Primitives},
  publisher = {Nvidia},
  year = {2023},
  urldate = {2023-05-01},
  url = {https://developer.nvidia.com/blog/using-cuda-warp-level-primitives},
}

@article{Xu2015,
  author = {S. Xu and X. Huang and L.-Y. Oey and F. Xu and H. Fu and Y. Zhang and G. Yang},
  journal = {Geoscientific Model Development},
  title = {POM.gpu-v1.0},
  subtitle = {a GPU-based Princeton Ocean Model},
  year = {2015},
  pages = {2815-2827},
  volume = {8},
  number = {9},
  issn = {1991-9603},
  urldate = {2023-05-04},
  doi = {10.5194/gmd-8-2815-2015},
  url = {https://gmd.copernicus.org/articles/8/2815/2015},
}

@online{Junior10June2019,
  author = {Elemar Júnior},
  journal = {EximiaCo: EXCELÉNCIA TECNOLÓGICA},
  title = {Implementing parallel reduction in CUDA},
  year = {2022},
  urldate = {2023-05-05},
  url = {https://eximia.co/implementing-parallel-reduction-in-cuda},
}

@online{h9oJtLLHaTFaL3ME,
  journal = {CUDA},
  title = {CuBLAS},
  publisher = {Nvidia},
  year = {2022},
  urldate = {2023-05-26},
  url = {20 December 2022},
}

@online{5D33zKi5iStCty0r,
  journal = {CUDA},
  title = {CuSOLVER API Reference},
  publisher = {Nvidia},
  year = {2023},
  urldate = {2023-05-26},
  url = {https://docs.nvidia.com/cuda/archive/12.0.0/cusolver/index.html},
}

@online{ixA8ZYptYohwlgwt,
  journal = {Template Numerical Library},
  title = {Template Numerical Library User Guide},
  year = {2023},
  urldate = {2023-05-21},
  url = {https://tnl-project.gitlab.io/tnl/index.html},
}

@online{prXEEmGjoxB89XBn,
  journal = {Template Numerical Library},
  title = {TNL aims to be STL for HPC},
  publisher = {Template Numerical Library},
  urldate = {2023-05-21},
  url = {https://tnl-project.org},
}

@online{Crovella17August2017,
  author = {Robert Crovella},
  journal = {Nvidia Developer Forum},
  title = {GPU sharing among different application with different CUDA context},
  urldate = {2023-06-15},
  url = {https://forums.developer.nvidia.com/t/gpu-sharing-among-different-application-with-different-cuda-context/53057/4},
}

@online{Crovella16December2016,
  author = {Robert Crovella},
  journal = {Nvidia Developer Forum},
  title = {Concurrent kernel execution without stream},
  urldate = {2023-06-15},
  url = {https://forums.developer.nvidia.com/t/concurrent-kernel-execution-without-stream/46879/2},
}

@online{rqjYYJkSwERYYbSy,
  author = { Vismor},
  journal = {Vismor},
  title = {Crout’s LU Factorization},
  urldate = {2022-06-28},
  url = {https://vismor.com/documents/network_analysis/matrix_algorithms/S4.SS3.php},
}

@article{Forsythe1960,
  author = {George E. Forsythe},
  journal = {Communications of the ACM},
  title = {Algorithm 16},
  subtitle = {crout with pivoting},
  year = {1960},
  pages = {507-508},
  volume = {3},
  number = {9},
  issn = {0001-0782},
  urldate = {2023-05-12},
  doi = {10.1145/367390.367406},
  url = {https://dl.acm.org/doi/10.1145/367390.367406},
}

@article{Okunev1997,
  author = {Pavel Okunev and Charles R. Johnson},
  title = {Necessary And Sufficient Conditions For Existence of the LU Factorization of an Arbitrary Matrix},
  year = {1997},
  doi = {10.48550/arXiv.math/0506382},
}

@book{Trefethen1997,
  author = {Lloyd N. Trefethen and David Bau},
  title = {Numerical linear algebra},
  publisher = {Society for Industrial and Applied Mathematics},
  address = {Philadelphia},
  year = {1997},
  isbn = {978-0-89871-361-9},
}

@book{Hart2011,
  author = {Roger Hart},
  title = {The Chinese roots of linear algebra},
  publisher = {Johns Hopkins University Press},
  address = {Baltimore, MD},
  year = {2011},
  edition = {1st edition},
  isbn = {9780801897559},
}

@online{HY9P0YzuUCw5E5cs,
  journal = {European Commission: Shaping Europe’s digital future},
  title = {High Performance Computing - best use examples},
  year = {2023},
  urldate = {2023-05-10},
  url = {https://digital-strategy.ec.europa.eu/en/library/high-performance-computing-best-use-examples},
}

@online{Harris28January2013,
  author = {Mark Harris},
  journal = {Nvidia Developer: Technical Blog},
  title = {Using Shared Memory in CUDA C/C++},
  publisher = {Nvidia},
  year = {2023},
  urldate = {2023-05-04},
  url = {https://developer.nvidia.com/blog/using-shared-memory-cuda-cc},
}

@online{Harris2023,
  author = {Mark Harris},
  journal = {Nvidia Developer},
  title = {Optimizing Parallel Reduction in CUDA},
  publisher = {Nvidia},
  year = {2023},
  urldate = {2023-05-08},
  url = {https://developer.download.nvidia.com/assets/cuda/files/reduction.pdf},
}

@incollection{Kirk2013,
  author = {David B. Kirk and Wen-mei W. Hwu},
  booktitle = {Programming Massively Parallel Processors (Second Edition)},
  title = {Chapter 6 - Performance Considerations},
  publisher = {Morgan Kaufmann},
  address = {Boston},
  year = {2013},
  edition = {Second},
  pages = {123-149},
  isbn = {978-0-12-415992-1},
}

@article{Hernandez2015,
  author = {Moisés Hernández and Ginés D. Guerrero and José M. Cecilia and José M. García and Alberto Inuggi and Saad Jbabdi and Timothy E. J. Behrens and Stamatios N. Sotiropoulos},
  journal = {PLOS ONE},
  title = {Correction},
  subtitle = {Accelerating Fibre Orientation Estimation from Diffusion Weighted Magnetic Resonance Imaging Using GPUs},
  year = {2015},
  volume = {10},
  number = {6},
  issn = {1932-6203},
  urldate = {2023-05-04},
  doi = {10.1371/journal.pone.0130915},
  url = {https://dx.plos.org/10.1371/journal.pone.0130915},
}

@online{Gates2023,
  author = {Mark Gates},
  journal = {The University of Tennessee: Innovative Computing Laboratory},
  title = {CUDA syntax},
  publisher = {The University of Tennessee},
  address = {The University of Tennessee, Knoxville, Tennessee 37996},
  year = {2023},
  urldate = {2023-05-03},
  url = {https://icl.utk.edu/~mgates3/docs/cuda.html},
}

@online{Gupta26June2020,
  author = {Pradeep Gupta},
  journal = {Nvidia Developer: Technical Blog},
  title = {CUDA Refresher: The CUDA Programming Model},
  publisher = {Nvidia},
  year = {2023},
  urldate = {2023-05-03},
  url = {https://developer.nvidia.com/blog/cuda-refresher-cuda-programming-model},
}

@online{ThomasCollignon2018,
  author = {Guillaume Thomas-Collignon and Paulius Micikevicius},
  journal = {Nvidia On-Demand},
  title = {VOLTA Architecture and performance optimization},
  publisher = {Nvidia},
  urldate = {2023-05-01},
  url = {https://on-demand.gputechconf.com/gtc/2018/presentation/s81006-volta-architecture-and-performance-optimization.pdf},
}

@thesis{Grote2020,
  author = {Phillip Grote},
  title = {Lock-based Data Structures on GPUs with Independent Thread Scheduling},
  address = {Berlin},
  year = {2020},
  school = {Technischen Universität Berlin},
  type = {Bachelor Thesis},
}

@online{Gravell9May2016,
  author = {Marc Gravell},
  journal = {Code, code and more code.},
  title = {How I found CUDA, or: Rewriting the Tag Engine–part 2},
  subtitle = {CUDA: Kernels, Threads, Warps, Blocks and Grids},
  year = {2016},
  urldate = {2023-05-01},
  url = {https://blog.marcgravell.com/2016/05/how-i-found-cuda-or-rewriting-tag_9.html},
}

@online{xtprZzsTAPjyCsGX,
  journal = {Cornel University: Virtual Workshop},
  title = {Introduction to GPGPU and CUDA Programming},
  subtitle = {SIMT and Warp},
  publisher = {Cornell University},
  year = {2023},
  urldate = {2023-05-01},
  url = {https://cvw.cac.cornell.edu/gpu/simt_warp},
}

@online{NVIDIADec2022,
  author = {Corporation NVIDIA},
  journal = {Nvidia},
  title = {CUDA C++ Best Practices Guide},
  subtitle = {Design Guide},
  publisher = {Nvidia},
  year = {2022},
  urldate = {2023-04-30},
  url = {https://docs.nvidia.com/cuda/archive/12.0.0/pdf/CUDA_C_Best_Practices_Guide.pdf},
}

@online{GIGABYTE2023,
  author = { GIGABYTE},
  journal = {GIGABYTE: Insight Glossary},
  title = {TDP},
  subtitle = {What is it?},
  publisher = {GIGABYTE},
  year = {2023},
  urldate = {2023-04-30},
  url = {https://www.gigabyte.com/Glossary/tdp},
}

@online{NVIDIA2022,
  author = {Corporation NVIDIA},
  journal = {Nvidia},
  title = {NVIDIA H100 Tensor Core GPU Architecture},
  subtitle = {EXCEPTIONAL PERFORMANCE, SCALABILITY, AND SECURITY FOR THE DATA CENTER},
  year = {2022},
  urldate = {2023-04-30},
  url = {https://resources.nvidia.com/en-us-tensor-core/gtc22-whitepaper-hopper},
}

@online{NVIDIADecember2022,
  author = {Corporation NVIDIA},
  title = {CUDA C++ Programming Guide},
  subtitle = {Design Guide},
  publisher = {Nvidia},
  year = {2023},
  urldate = {2023-04-30},
  url = {https://docs.nvidia.com/cuda/archive/12.0.0/pdf/CUDA_C_Programming_Guide.pdf},
}

@thesis{Cejka2020,
  author = {Lukáš Čejka},
  title = {Formats for storage of sparse matrices on GPU},
  address = {Prague},
  year = {2020},
  school = {Czech Technical University in Prague},
  type = {Bachelor's Degree Project},
}

@thesis{Cejka2022,
  author = {Lukáš Čejka},
  title = {Parallel LU Decomposition for the GPU},
  address = {Prague},
  year = {2022},
  school = {Czech Technical University in Prague},
  type = {Research Assignment},
}

@article{Dongarra2019,
  author = {Jack Dongarra and Mark Gates and Azzam Haidar and Jakub Kurzak and Piotr Luszczek and Panruo Wu and Ichitaro Yamazaki and Asim Yarkhan and Maksims Abalenkovs and Negin Bagherpour and Sven Hammarling and Jakub Šístek and David Stevens and Mawussi Zounon and Samuel D. Relton},
  journal = {ACM Transactions on Mathematical Software},
  title = {PLASMA},
  year = {2019},
  pages = {1-35},
  volume = {45},
  number = {2},
  issn = {0098-3500},
  urldate = {2022-10-11},
  doi = {10.1145/3264491},
  url = {https://dl.acm.org/doi/10.1145/3264491},
}

@book{Saad2003,
  author = {Y. Saad},
  title = {Iterative methods for sparse linear systems},
  publisher = {Society for Industrial and Applied Mathematics},
  address = {Philadelphia},
  year = {2003},
  edition = {2nd ed},
  isbn = {978-0898715347},
}

@online{NvidiaAugust2017,
  author = { Nvidia},
  journal = {Nvidia},
  title = {NVIDIA TESLA V100 GPU ARCHITECTURE},
  subtitle = {THE WORLD’S MOST ADVANCED DATA CENTER GPU},
  urldate = {2022-08-25},
  url = {https://images.nvidia.com/content/volta-architecture/pdf/volta-architecture-whitepaper.pdf},
}

@article{Chow2015,
  author = {Edmond Chow and Aftab Patel},
  journal = {SIAM Journal on Scientific Computing},
  title = {Fine-Grained Parallel Incomplete LU Factorization},
  year = {2015},
  pages = {C169-C193},
  volume = {37},
  number = {2},
  issn = {1064-8275},
  urldate = {2022-08-10},
  doi = {10.1137/140968896},
  url = {http://epubs.siam.org/doi/10.1137/140968896},
}

@incollection{Lindfield2019,
  author = {George Lindfield and John Penny},
  booktitle = {Numerical Methods},
  title = {Linear Equations and Eigensystems},
  publisher = {Elsevier},
  year = {2019},
  pages = {73-156},
  isbn = {9780128122563},
  urldate = {2022-06-28},
  doi = {10.1016/B978-0-12-812256-3.00011-7},
  url = {https://linkinghub.elsevier.com/retrieve/pii/B9780128122563000117},
}

@book{Press2007,
  author = {William H. Press},
  title = {Numerical recipes},
  subtitle = {the art of scientific computing},
  publisher = {Cambridge University Press},
  address = {Cambridge},
  year = {2007},
  edition = {3rd ed},
  isbn = {9780521880688},
}

@online{Hsiao17December2019,
  author = {Yao Hsiao},
  journal = {Hack MD},
  title = {GPU},
  subtitle = {CUDA intro},
  urldate = {2022-06-11},
  url = {https://hackmd.io/@yaohsiaopid/ryHNKkxTr?type=view},
}

@online{Ruetsch2008,
  author = {Greg Ruetsch and Brent Oster},
  journal = {Nvidia},
  title = {Getting Started with CUDA},
  urldate = {2022-06-07},
  url = {https://www.nvidia.com/content/cudazone/download/Getting_Started_w_CUDA_Training_NVISION08.pdf},
}

@online{OsGyRFLMngy0j8Pv,
  author = {dogma1138 },
  journal = {Hacker News},
  title = {CUDA support much more languages than just C++ and Fortran},
  urldate = {2022-05-22},
  url = {https://news.ycombinator.com/item?id=26605219},
}

@online{jAnwkq6mMKYTLUOB,
  author = {TechPowerUp },
  journal = {TechPowerUp},
  title = {NVIDIA GeForce GTX 1070},
  urldate = {2022-05-22},
  url = {https://www.techpowerup.com/gpu-specs/geforce-gtx-1070.c2840},
}

@online{soj8qSRbfefUdi8Y,
  author = {Nvidia },
  journal = {Nvidia},
  title = {NVIDIA A100 Tensor Core GPU Architecture},
  subtitle = {UNPRECEDENTED ACCELERATION AT EVERY SCALE},
  urldate = {2022-05-22},
  url = {https://images.nvidia.com/aem-dam/en-zz/Solutions/data-center/nvidia-ampere-architecture-whitepaper.pdf},
}

